<record><leader>00000cas a2200000 a 4500</leader><controlfield tag="001">3637942</controlfield><controlfield tag="008">780214d18891898nmuwr ne      0    0eng d</controlfield><datafield ind1=" " ind2=" " tag="010"><subfield code="a">sn 92070424 </subfield></datafield><datafield ind1=" " ind2=" " tag="040"><subfield code="a">IRU</subfield><subfield code="b">eng</subfield><subfield code="c">IRU</subfield><subfield code="d">NVM</subfield><subfield code="d">OCL</subfield><subfield code="d">OCLCQ</subfield><subfield code="d">AGL</subfield><subfield code="d">OCLCF</subfield><subfield code="d">OCLCO</subfield><subfield code="d">IUL</subfield></datafield><datafield ind1=" " ind2=" " tag="042"><subfield code="a">msc</subfield></datafield><datafield ind1=" " ind2=" " tag="043"><subfield code="a">n-us-nm</subfield></datafield><datafield ind1="0" ind2=" " tag="070"><subfield code="a">49</subfield><subfield code="b">St632</subfield></datafield><datafield ind1=" " ind2="0" tag="072"><subfield code="a">L100</subfield></datafield><datafield ind1=" " ind2="0" tag="072"><subfield code="a">A000</subfield></datafield><datafield ind1="0" ind2="0" tag="245"><subfield code="a">Stock grower and farmer.</subfield></datafield><datafield ind1="3" ind2="0" tag="246"><subfield code="a">Stockgrower and farmer</subfield></datafield><datafield ind1=" " ind2=" " tag="260"><subfield code="a">Las Vegas, N.M. :</subfield><subfield code="b">R.F. Hardy</subfield></datafield><datafield ind1=" " ind2=" " tag="300"><subfield code="a">v.</subfield></datafield><datafield ind1=" " ind2=" " tag="310"><subfield code="a">Weekly</subfield></datafield><datafield ind1="0" ind2=" " tag="362"><subfield code="a">Sixth year, no. 27 (Sept. 14, 1889)-</subfield></datafield><datafield ind1="1" ind2=" " tag="362"><subfield code="a">Ceased in 1898.</subfield></datafield><datafield ind1=" " ind2=" " tag="500"><subfield code="a">Title from caption.</subfield></datafield><datafield ind1=" " ind2="0" tag="650"><subfield code="a">Agriculture</subfield><subfield code="z">New Mexico</subfield><subfield code="v">Newspapers.</subfield></datafield><datafield ind1=" " ind2="0" tag="650"><subfield code="a">Livestock</subfield><subfield code="z">New Mexico</subfield><subfield code="v">Newspapers.</subfield></datafield><datafield ind1=" " ind2="0" tag="651"><subfield code="a">San Miguel County (N.M.)</subfield><subfield code="v">Newspapers.</subfield></datafield><datafield ind1=" " ind2="7" tag="650"><subfield code="a">Agriculture.</subfield><subfield code="2">fast</subfield><subfield code="0">(OCoLC)fst00801355</subfield></datafield><datafield ind1=" " ind2="7" tag="650"><subfield code="a">Livestock.</subfield><subfield code="2">fast</subfield><subfield code="0">(OCoLC)fst01000722</subfield></datafield><datafield ind1=" " ind2="7" tag="651"><subfield code="a">New Mexico.</subfield><subfield code="2">fast</subfield><subfield code="0">(OCoLC)fst01204269</subfield></datafield><datafield ind1=" " ind2="7" tag="651"><subfield code="a">New Mexico</subfield><subfield code="z">San Miguel County.</subfield><subfield code="2">fast</subfield><subfield code="0">(OCoLC)fst01209378</subfield></datafield><datafield ind1=" " ind2="7" tag="655"><subfield code="a">Newspapers.</subfield><subfield code="2">fast</subfield><subfield code="0">(OCoLC)fst01423814</subfield></datafield><datafield ind1=" " ind2=" " tag="752"><subfield code="a">United States</subfield><subfield code="b">New Mexico</subfield><subfield code="c">San Miguel</subfield><subfield code="d">Las Vegas.</subfield></datafield><datafield ind1="0" ind2="0" tag="780"><subfield code="t">Stock grower</subfield><subfield code="w">(DLC)sn 92070423</subfield><subfield code="w">(OCoLC)26068491</subfield></datafield><datafield ind1="0" ind2="7" tag="785"><subfield code="t">Las Vegas weekly optic</subfield><subfield code="w">(DLC)sn 86063593</subfield><subfield code="w">(OCoLC)13420120</subfield></datafield><datafield ind1="0" ind2="7" tag="785"><subfield code="t">Las Vegas weekly optic and stock grower</subfield><subfield code="x">2329-7603</subfield><subfield code="w">(DLC)sn 92070422</subfield><subfield code="w">(OCoLC)26068453</subfield></datafield><datafield ind1=" " ind2=" " tag="850"><subfield code="a">DNAL</subfield></datafield><datafield ind1="1" ind2=" " tag="029"><subfield code="a">AU@</subfield><subfield code="b">000025850765</subfield></datafield></record>